% Encoding: UTF-8

@ARTICLE{example,
       author = {{Example}, A.~N. and {Nother}, A.~N.},
        title = "{An example paper to be cited in this thesis.}",
      journal = {\nat},
         year = 2000,
        month = jan,
       volume = {1},
        pages = {1-999},
}

@PHDTHESIS{1993PhDT.......301C,
       author = {{Crowther}, Paul Adrian},
        title = "{Model atmosphere studies of Wolf-Rayet stars}",
       school = {University College London, UK},
         year = 1993,
        month = jan,
       adsurl = {https://ui.adsabs.harvard.edu/abs/1993PhDT.......301C},
      adsnote = {Provided by the SAO/NASA Astrophysics Data System}
}

@ARTICLE{1984MNRAS.208..955F,
       author = {{Fosbury}, R.~A.~E. and {Tadhunter}, C.~N. and {Bland}, J. and {Danziger}, I.~J.},
        title = "{Very extended ionized gas in radio galaxies - III. emission along the radio axis of PKS 0634-20.}",
      journal = {\mnras},
     keywords = {Elliptical Galaxies, Emission Spectra, Forbidden Transitions, Interstellar Gas, Ionized Gases, Oxygen Spectra, Radio Galaxies, Radial Velocity, Spectral Line Width, Astrophysics},
         year = 1984,
        month = jun,
       volume = {208},
        pages = {955-959},
          doi = {10.1093/mnras/208.4.955},
       adsurl = {https://ui.adsabs.harvard.edu/abs/1984MNRAS.208..955F},
      adsnote = {Provided by the SAO/NASA Astrophysics Data System}
}


@ARTICLE{1992MolPh..75..917G,
       author = {{Goodwin}, S.~P. and {Boughey}, J.~D. and {Heritage}, J.~R.},
        title = "{Calculation of the hard sphere radial distribution function}",
      journal = {Molecular Physics},
         year = 1992,
        month = jan,
       volume = {75},
       number = {4},
        pages = {917-923},
          doi = {10.1080/00268979200100691},
       adsurl = {https://ui.adsabs.harvard.edu/abs/1992MolPh..75..917G},
      adsnote = {Provided by the SAO/NASA Astrophysics Data System}
}


@ARTICLE{1991MNRAS.252..342D,
       author = {{Dhillon}, V.~S. and {Marsh}, T.~R. and {Jones}, D.~H.~P.},
        title = "{A spectrophotometric study of the eclipsing nova-like variable V 1315 Aquilae.}",
      journal = {\mnras},
     keywords = {Cataclysmic Variables, Eclipsing Binary Stars, Stellar Spectrophotometry, Accretion Disks, Light Curve, Ubv Spectra, Astrophysics},
         year = 1991,
        month = oct,
       volume = {252},
        pages = {342},
          doi = {10.1093/mnras/252.3.342},
       adsurl = {https://ui.adsabs.harvard.edu/abs/1991MNRAS.252..342D},
      adsnote = {Provided by the SAO/NASA Astrophysics Data System}
}

